%! Author = rayla
%! Date = 3/15/2022

