%! Author: Rayla Kurosaki

MATH-181: Project-Based Calculus I
MATH-182: Project-Based Calculus II
MATH-221: Multivariable and Vector Calculus
@book{book:2946356,
   title =     {Calculus: Early Transcendentals},
   author =    {James Stewart},
   publisher = {Cengage Learning},
   isbn =      {1337613924,9781337613927},
   year =      {2020},
   series =    {},
   edition =   {9th},
   volume =    {},
   url =       {http://gen.lib.rus.ec/book/index.php?md5=D2FCA07CA50980F7D035208EF28857EC}
}

MATH-231: Differential Equations
@book{book:2172573,
   title =     {Fundamentals of Differential Equations},
   author =    {R. Kent Nagle},
   publisher = {Pearson},
   isbn =      {0321977068,9780321977069},
   year =      {2017},
   series =    {},
   edition =   {9th},
   volume =    {},
   url =       {http://gen.lib.rus.ec/book/index.php?md5=bd906e16f137720904a538f075383b8c}
}

MATH-241: Linear Algebra
MATH-341: Advanced Linear Algebra
@book{book:2637954,
   title =     {Linear Algebra: A Modern Introduction},
   author =    {David Poole},
   publisher = {Cengage Learning},
   isbn =      {1285463242,9781285463247},
   year =      {2015},
   series =    {},
   edition =   {4th},
   volume =    {},
   url =       {http://gen.lib.rus.ec/book/index.php?md5=7B4C54BAA28491D6F8FECE1A7E71E073}
}

MATH-311 (Linear Optimization)
???

MATH-312 (Nonlinear Optimization)
???

MATH-326: Boundary Value Problems
@book{book:2459384,
   title =     {Differential Equations with Boundary-Value Problems},
   author =    {Dennis G. Zill},
   publisher = {Cengage Learning},
   isbn =      {9781305965799, 9781337292405, 9781337604901},
   year =      {2018},
   series =    {},
   edition =   {9th},
   volume =    {},
   url =       {http://gen.lib.rus.ec/book/index.php?md5=02123d443456d3d6e2efcc4a7863b533}
}
@book{book:2519110,
   title =     {Fundamentals of Differential Equations and Boundary Value Problems.},
   author =    {R. Kent Nagle},
   publisher = {Pearson},
   isbn =      {9780321977106},
   year =      {2017},
   series =    {},
   edition =   {7th},
   volume =    {},
   url =       {http://gen.lib.rus.ec/book/index.php?md5=4ADAED6BFC59CBF5BC1406B0A95D5248}
}

MATH-331 (Dynamical Systems)
MATH-631 (Dynamical Systems)
@book{book:2478639,
   title =     {Nonlinear Dynamics and Chaos : With Applications to Physics, Biology, Chemistry, and Engineering},
   author =    {Steven H. Strogatz},
   publisher = {CRC Press},
   isbn =      {9780813349107,0813349109},
   year =      {2018},
   series =    {},
   edition =   {2nd},
   volume =    {},
   url =       {http://gen.lib.rus.ec/book/index.php?md5=1D7C9CA22A793FE3A34C21B28DB3AB14}
}

MATH-381: Complex Variables
@book{book:691902,
   title =     {A First Course in Complex Analysis with Applications},
   author =    {Dennis G. Zill},
   publisher = {Jones and Bartlett Publishers, Inc.},
   isbn =      {0763714372,9780763714376},
   year =      {2003},
   series =    {},
   edition =   {1st},
   volume =    {},
   url =       {http://gen.lib.rus.ec/book/index.php?md5=cca9ecb4e5639c3e307a23850c305dac}
}

MATH-411 (Numerical Analysis)
???

MATH-412 (Numerical Linear Algebra)
@book{book:8987,
   title =     {Numerical Linear Algebra},
   author =    {Lloyd N. Trefethen},
   publisher = {Society for Industrial and Applied Mathematics},
   isbn =      {9780898713619,0898713617},
   year =      {1997},
   series =    {},
   edition =   {},
   volume =    {},
   url =       {http://gen.lib.rus.ec/book/index.php?md5=1242d0982c41cebfa8a7885a397fbaee}
}

MATH-601 (Methods of Applied Mathematics)
@book{book:1022170,
   title =     {Introduction to the Calculus of Variations},
   author =    {Hans Sagan},
   publisher = {Dover Publications},
   isbn =      {0486673669,9780486673660},
   year =      {1992},
   series =    {Dover Books on Mathematics},
   edition =   {Reprint},
   volume =    {},
   url =       {http://gen.lib.rus.ec/book/index.php?md5=84577e02b798de2d1ab4a9d0cad20c7e}
}
@book{book:2173932,
   title =     {Applied Mathematics},
   author =    {J. David Logan},
   publisher = {Wiley},
   isbn =      {1118475801,9781118475805},
   year =      {2013},
   series =    {},
   edition =   {4th},
   volume =    {},
   url =       {http://gen.lib.rus.ec/book/index.php?md5=2efd05d2fea16a9cee5cee5fe63cf511}
}

MATH-625 (Applied Inverse Problems)
???

MATH-602 (Numerical Analysis I)
MATH-702 (Numerical Analysis II)
@book{book:804515,
   title =     {An Introduction to Numerical Analysis},
   author =    {Kendall Atkinson},
   publisher = {Wiley},
   isbn =      {0471624896,9780471624899},
   year =      {1989},
   series =    {},
   edition =   {2nd},
   volume =    {},
   url =       {http://gen.lib.rus.ec/book/index.php?md5=d8877bc868222214789a51d8f5f2a396}
}
@book{book:2421431,
   title =     {Numerical Linear Algebra and Applications},
   author =    {Biswa Nath Datta},
   publisher = {Society for Industrial and Applied Mathematics},
   isbn =      {0898716853, 9780898716856},
   year =      {2010},
   series =    {Volume 116 of Other Titles in Applied Mathematics},
   edition =   {2nd},
   volume =    {},
   url =       {http://gen.lib.rus.ec/book/index.php?md5=59f78d9970b21ea16f350fb9e147a578}
}
@book{book:8818,
   title =     {Accuracy and Stability of Numerical Algorithms},
   author =    {Nicholas J. Higham},
   publisher = {Society for Industrial and Applied Mathematics},
   isbn =      {9780898715217,0898715210},
   year =      {2002},
   series =    {},
   edition =   {2nd},
   volume =    {},
   url =       {http://gen.lib.rus.ec/book/index.php?md5=4b3b6417bf3ed225f27fc4be18cab55f}
}
@book{book:8677,
   title =     {Numerical Mathematics},
   author =    {Alfio Quarteroni},
   publisher = {Springer-Verlag Berlin Heidelberg},
   isbn =      {0387989595,9780387989594,9780387227504},
   year =      {2007},
   series =    {Texts in Applied Mathematics 37},
   edition =   {2nd},
   volume =    {},
   url =       {http://gen.lib.rus.ec/book/index.php?md5=50652392ea858dc972f04f363110c6f7}
}
@book{book:2490640,
   title =     {Numerical Analysis},
   author =    {Timothy Sauer},
   publisher = {Pearson},
   isbn =      {2017028491,9780134696454,013469645X},
   year =      {2017},
   series =    {},
   edition =   {3rd},
   volume =    {},
   url =       {http://gen.lib.rus.ec/book/index.php?md5=F3E0057A9893BE05137DE4D43E33E189}
}
@book{book:269257,
   title =     {Introduction to Numerical Analysis},
   author =    {R. Bulirsch},
   publisher = {Springer New York},
   isbn =      {9780387954523,038795452X},
   year =      {2002},
   series =    {Texts in Applied Mathematics 12},
   edition =   {3rd},
   volume =    {},
   url =       {http://gen.lib.rus.ec/book/index.php?md5=2b95046290ea97fdbaedca9953b5301c}
}

MATH-712 (Numerical Methods for Partial Differential Equations)
???

MATH-731 (Advanced Dynamical Systems)
???

MATH-741: Partial Differential Equations I
MATH-742 (Partial Differential Equations II)
@book{book:305189,
   title =     {An Introduction to Partial Differential Equations},
   author =    {Yehuda Pinchover},
   publisher = {Cambridge University Press},
   isbn =      {9780511111570,9780521613231,9780521848862,0511111576,052161323X,0521848865},
   year =      {2005},
   series =    {},
   edition =   {},
   volume =    {},
   url =       {http://gen.lib.rus.ec/book/index.php?md5=a2d4e6a1de009b5e7106e994cabf4e8a}
}
0195043006
@book{book:898379,
   title =     {Partial Differential Equations : An Introduction},
   author =    {Walter A Strauss},
   publisher = {Wiley},
   isbn =      {9780470054567,0470054565,9780470385531,0470385537},
   year =      {2009},
   series =    {},
   edition =   {2nd},
   volume =    {},
   url =       {http://gen.lib.rus.ec/book/index.php?md5=d9a8a9901ff275ed9a3153b12d03bb0b}
}
